@inproceedings{HybVIO,
  author={Otto Seiskari and Pekka Rantalankila and Juho Kannala and Jerry Ylilammi and Esa Rahtu and Arno Solin },
  booktitle = {Proceedings of the Winter Conference on Applications of Computer Vision (WACV)},
 title = {{HybVIO}: {P}ushing the limits of real-time visual-inertial odometry},
 year = {2022},
}
